
@Book{ref_Bootstrap1,
   author    =   "Pavon Maestras, Juan ",  
   title     =   "Aplicaciones Web/Sistemas Web", 
   publisher =   "Universidad Computense de Madrid",
   year      =   "2014"
}

@Book{ref_MVC,
   author    =   "Vall\'es Botella, Juan ",  
   title     =   "ASP.NET MVC 3 y 4, CONTACTO CON MVC", 
   publisher =   "UNIVERSIDAD DE ALICANTE",
   year      =   "2014"
}

@Book{ref_Analisis,
   author    =   "Del Carmen G\'omez, Maria ",  
   title     =   "An\'alisis de requerimientos", 
   publisher =   "Universidad Aut\'onoma Metropolitana",
   year      =   "2011"
}

@Book{ref_SQL,
   author    =   "Jose Santamar\'ia y Javier Hern\'andez",  
   title     =   "SQL Server Vs MySQL", 
   publisher =   "Documento de internet",
   year      =   "2014"
}



@ELECTRONIC{ref_jQuery,
  author = {{Jos\'e Luis Comesa\~na}},
  year = {2015},
  title = {\texttt{http://mundosica.github.io/tutorial\_hispano\_jQuery/}}
}